{
  "leader": "02092cas a2200373Ii 4500",
  "fields": [
    {
      "001": "ocm30942649\\"
    },
    {
      "003": "OCoLC"
    },
    {
      "005": "20220225132903.0"
    },
    {
      "008": "940615c19uu9999enkar\\p\\\\\\\\\\\\\\0\\\\\\a1eng\\\\"
    },
    {
      "010": {
        "ind1": "\\",
        "ind2": "\\",
        "subfields": [
          {
            "a": "ca 34000705 "
          }
        ]
      }
    },
    {
      "040": {
        "ind1": "\\",
        "ind2": "\\",
        "subfields": [
          {
            "a": "DLC"
          },
          {
            "b": "eng"
          },
          {
            "c": "NYP"
          },
          {
            "d": "OCLCQ"
          },
          {
            "d": "OCLCF"
          },
          {
            "d": "OCLCO"
          },
          {
            "d": "OCLCQ"
          },
          {
            "d": "NLVRD"
          }
        ]
      }
    },
    {
      "035": {
        "ind1": "\\",
        "ind2": "\\",
        "subfields": [
          {
            "a": "(OCoLC)30942649"
          }
        ]
      }
    },
    {
      "050": {
        "ind1": "0",
        "ind2": "4",
        "subfields": [
          {
            "a": "JX31"
          },
          {
            "b": ".R63"
          }
        ]
      }
    },
    {
      "082": {
        "ind1": "0",
        "ind2": "4",
        "subfields": [
          {
            "a": "341.06242"
          },
          {
            "b": "ROY"
          }
        ]
      }
    },
    {
      "110": {
        "ind1": "2",
        "ind2": "\\",
        "subfields": [
          {
            "a": "Royal Institute of International Affairs."
          }
        ]
      }
    },
    {
      "245": {
        "ind1": "1",
        "ind2": "0",
        "subfields": [
          {
            "a": "Report of the Council of the Royal Institute of International Affairs ... :"
          },
          {
            "b": "annual general meeting of the institute."
          }
        ]
      }
    },
    {
      "247": {
        "ind1": "1",
        "ind2": "1",
        "subfields": [
          {
            "a": "Report of the Executive Committee of the British Institute of International Affairs to the annual general meeting of the institute"
          },
          {
            "f": "-1924/25"
          }
        ]
      }
    },
    {
      "247": {
        "ind1": "1",
        "ind2": "1",
        "subfields": [
          {
            "a": "Report of the Council of the Royal Institute of International Affairs."
          },
          {
            "b": "annual general meeting of the institute"
          },
          {
            "f": "1925/26-1936/37"
          }
        ]
      }
    },
    {
      "247": {
        "ind1": "1",
        "ind2": "1",
        "subfields": [
          {
            "a": "Annual report of the council."
          },
          {
            "b": "submitted to the annual general meeting"
          },
          {
            "f": "1937/38-"
          }
        ]
      }
    },
    {
      "260": {
        "ind1": "\\",
        "ind2": "\\",
        "subfields": [
          {
            "a": "London :"
          },
          {
            "b": "Chatham House,"
          },
          {
            "c": "[between 1900 and 1999?]"
          }
        ]
      }
    },
    {
      "300": {
        "ind1": "\\",
        "ind2": "\\",
        "subfields": [
          {
            "a": "volumes :"
          },
          {
            "b": "tables ;"
          },
          {
            "c": "23-25 cm"
          }
        ]
      }
    },
    {
      "310": {
        "ind1": "\\",
        "ind2": "\\",
        "subfields": [
          {
            "a": "Annual"
          }
        ]
      }
    },
    {
      "336": {
        "ind1": "\\",
        "ind2": "\\",
        "subfields": [
          {
            "a": "text"
          },
          {
            "b": "txt"
          },
          {
            "2": "rdacontent"
          }
        ]
      }
    },
    {
      "337": {
        "ind1": "\\",
        "ind2": "\\",
        "subfields": [
          {
            "a": "unmediated"
          },
          {
            "b": "n"
          },
          {
            "2": "rdamedia"
          }
        ]
      }
    },
    {
      "338": {
        "ind1": "\\",
        "ind2": "\\",
        "subfields": [
          {
            "a": "volume"
          },
          {
            "b": "nc"
          },
          {
            "2": "rdacarrier"
          }
        ]
      }
    },
    {
      "515": {
        "ind1": "\\",
        "ind2": "\\",
        "subfields": [
          {
            "a": "[No.] 23, 1942/43 repeated in numbering."
          }
        ]
      }
    },
    {
      "547": {
        "ind1": "\\",
        "ind2": "\\",
        "subfields": [
          {
            "a": "Title varies: -1924/25, Report of the Executive Committee of the British Institute of International Affairs to the annual general meeting of the institute; 1925/26-1936/37, Report of the Council of the Royal Institute of International Affairs. Annual general meeting of the institute (slight variation); 1937/38-, Annual report of the council. Submitted to the annual general meeting."
          }
        ]
      }
    },
    {
      "580": {
        "ind1": "\\",
        "ind2": "\\",
        "subfields": [
          {
            "a": "For 1923/24, see its Report of the proceedings of the annual general meeting [no.] 5 (1924)."
          }
        ]
      }
    },
    {
      "650": {
        "ind1": "\\",
        "ind2": "0",
        "subfields": [
          {
            "a": "International relations."
          }
        ]
      }
    },
    {
      "650": {
        "ind1": "\\",
        "ind2": "7",
        "subfields": [
          {
            "a": "International relations."
          },
          {
            "2": "fast"
          },
          {
            "0": "(OCoLC)fst00977053"
          }
        ]
      }
    },
    {
      "787": {
        "ind1": "1",
        "ind2": "\\",
        "subfields": [
          {
            "a": "Royal Institute of International Affairs."
          },
          {
            "t": "Report of the proceedings of the annual general meeting"
          }
        ]
      }
    },
    {
      "994": {
        "ind1": "\\",
        "ind2": "\\",
        "subfields": [
          {
            "a": "Z0"
          },
          {
            "b": "NYRVC"
          }
        ]
      }
    },
    {
      "948": {
        "ind1": "\\",
        "ind2": "\\",
        "subfields": [
          {
            "h": "NO HOLDINGS IN NYRVC - 18 OTHER HOLDINGS"
          }
        ]
      }
    },
    {
      "999": {
        "ind1": "\\",
        "ind2": "\\",
        "subfields": [
          {
            "a": "00000000014099"
          },
          {
            "v": "1932-37"
          }
        ]
      }
    }
  ]
}